% Encoding: UTF-8

@TechReport{Oeh18:Bthesis,
  author      = {{\"O}hlinger, Daniel},
  title       = {{Involution Tool}},
  institution = {E191 - Institut f{\"u}r Computer Engineering; Technische Universit{\"a}t Wien},
  year        = {2018},
  number      = {TUW-278633},
  keywords    = {Digital timing simulation, design tools, delay models, pulse degradation, glitch propagation},
  url         = {https://publik.tuwien.ac.at/files/publik\_278633.pdf},
}

@Comment{jabref-meta: databaseType:bibtex;}
